@article{makinen_experiments,
  author = {Erkki M{\"{a}}kinen},
  title = {Experiments on drawing 2-level hierarchical graphs},
  journal = {International Journal of Computer Mathematics},
  year = {1990},
  volume = {36},
  number = {3-4},
  month = {jan},
  pages = {175--181},
  issn = {1029-0265},
  doi = {10.1080/00207169008803921},
  publisher = {Informa UK Limited},
  timestamp = {Wed, 29 May 2019 01:00:00 +0200},
  biburl = {https://dblp.org/rec/journals/ijcm/Makinen90.bib},
  bibsource = {dblp computer science bibliography, https://dblp.org},
  _bib2doi_selected = {dblp:/rec/journals/ijcm/Makinen90.bib},
  _bib2doi_confirmed = {true},
  _bib2doi_finished = {true},
}

@book{eades_median,
  title = {The Median Heuristic for Drawing 2-layered Networks},
  author = {Eades, P. and Wormald, N.C.},
  series = {Technical report},
  year = {1986},
  publisher = {University of Queensland, Department of Computer Science},
}

@article{eades_median_2,
  author = {Peter Eades and Nicholas C. Wormald},
  title = {Edge crossings in drawings of bipartite graphs},
  journal = {Algorithmica},
  year = {1994},
  volume = {11},
  number = {4},
  month = {apr},
  pages = {379--403},
  issn = {1432-0541},
  doi = {10.1007/bf01187020},
  publisher = {Springer Science and Business Media LLC},
  timestamp = {Wed, 14 Nov 2018 00:00:00 +0100},
  biburl = {https://dblp.org/rec/journals/algorithmica/EadesW94.bib},
  bibsource = {dblp computer science bibliography, https://dblp.org},
  _bib2doi_selected = {dblp:/rec/journals/algorithmica/EadesW94.bib},
  _bib2doi_confirmed = {true},
  _bib2doi_finished = {true},
}

@article{eades_heuristics,
  title = {Heuristics for reducing crossings in 2-layered networks},
  author = {Eades, Peter and Kelly, David},
  journal = {Ars Combinatoria},
  volume = {21},
  number = {A},
  pages = {89--98},
  year = {1986},
}

@article{dujmovic_2004,
  author = {Vida Dujmovic and Sue Whitesides},
  title = {An Efficient Fixed Parameter Tractable Algorithm for 1-Sided Crossing Minimization},
  journal = {Algorithmica},
  year = {2004},
  volume = {40},
  number = {1},
  month = {apr},
  pages = {15--31},
  issn = {1432-0541},
  doi = {10.1007/s00453-004-1093-2},
  publisher = {Springer Science and Business Media LLC},
  timestamp = {Wed, 17 May 2017 01:00:00 +0200},
  biburl = {https://dblp.org/rec/journals/algorithmica/DujmovicW04.bib},
  bibsource = {dblp computer science bibliography, https://dblp.org},
  _bib2doi_selected = {dblp:/rec/journals/algorithmica/DujmovicW04.bib},
  _bib2doi_confirmed = {true},
  _bib2doi_finished = {true},
}

@article{dujmovic_2008,
  author = {Vida Dujmovic and Henning Fernau and Michael Kaufmann},
  title = {Fixed parameter algorithms for one-sided crossing minimization revisited},
  journal = {Journal of Discrete Algorithms},
  year = {2008},
  volume = {6},
  number = {2},
  month = {jun},
  pages = {313--323},
  issn = {1570-8667},
  doi = {10.1016/j.jda.2006.12.008},
  publisher = {Elsevier BV},
  timestamp = {Tue, 21 Mar 2023 00:00:00 +0100},
  biburl = {https://dblp.org/rec/journals/jda/DujmovicFK08.bib},
  bibsource = {dblp computer science bibliography, https://dblp.org},
  _bib2doi_selected = {dblp:/rec/journals/jda/DujmovicFK08.bib},
  _bib2doi_confirmed = {true},
  _bib2doi_finished = {true},
}

@article{kobayashi_2014,
  author = {Yasuaki Kobayashi and Hisao Tamaki},
  title = {A Fast and Simple Subexponential Fixed Parameter Algorithm for One-Sided Crossing Minimization},
  journal = {Algorithmica},
  year = {2015},
  volume = {72},
  number = {3},
  month = {jan},
  pages = {778--790},
  issn = {1432-0541},
  doi = {10.1007/s00453-014-9872-x},
  publisher = {Springer Science and Business Media LLC},
  timestamp = {Sat, 05 Sep 2020 01:00:00 +0200},
  biburl = {https://dblp.org/rec/journals/algorithmica/KobayashiT15.bib},
  bibsource = {dblp computer science bibliography, https://dblp.org},
  _bib2doi_selected = {dblp:/rec/journals/algorithmica/KobayashiT15.bib},
  _bib2doi_confirmed = {true},
  _bib2doi_finished = {true},
}
